<record><leader>00000cas a22000007a 4500</leader><controlfield tag="001">24647629</controlfield><controlfield tag="008">911030d193519uuncuwr ne      0    0eng d</controlfield><datafield ind1=" " ind2=" " tag="010"><subfield code="a">sn 91068704 </subfield></datafield><datafield ind1=" " ind2=" " tag="040"><subfield code="a">NVJ</subfield><subfield code="b">eng</subfield><subfield code="c">NVJ</subfield><subfield code="d">OCLCQ</subfield></datafield><datafield ind1=" " ind2=" " tag="042"><subfield code="a">msc</subfield></datafield><datafield ind1="0" ind2="4" tag="245"><subfield code="a">The Lumberton voice.</subfield></datafield><datafield ind1=" " ind2=" " tag="260"><subfield code="a">Lumberton, N.C. :</subfield><subfield code="b">Dougald Coxe</subfield></datafield><datafield ind1=" " ind2=" " tag="300"><subfield code="a">v.</subfield></datafield><datafield ind1=" " ind2=" " tag="310"><subfield code="a">Weekly</subfield></datafield><datafield ind1="1" ind2=" " tag="362"><subfield code="a">Began in 1935.</subfield></datafield><datafield ind1=" " ind2=" " tag="580"><subfield code="a">Issued in Red Springs and Maxton as: The Scottish citizen.</subfield></datafield><datafield ind1=" " ind2=" " tag="588"><subfield code="a">Description based on: Vol. 11, no. 52 (Jan. 1, 1947).</subfield></datafield><datafield ind1=" " ind2=" " tag="752"><subfield code="a">United States</subfield><subfield code="b">North Carolina</subfield><subfield code="c">Robeson</subfield><subfield code="d">Lumberton.</subfield></datafield><datafield ind1="0" ind2=" " tag="775"><subfield code="t">Scottish citizen</subfield><subfield code="w">(DLC)sn 91068707</subfield></datafield><datafield ind1="0" ind2="0" tag="780"><subfield code="t">State's voice</subfield><subfield code="w">(DLC)sn 91068058</subfield></datafield></record>